<?xml version="1.0" encoding="UTF-8"?><collection><record><leader>06281ntm a2200565 a 4500</leader><controlfield tag="001">006491337</controlfield><controlfield tag="003">MiAaHDL</controlfield><controlfield tag="005">20190719000000.0</controlfield><controlfield tag="006">m        d        </controlfield><controlfield tag="007">cr bn ---auaua</controlfield><controlfield tag="008">090417s1523    xx            00| ||ara d</controlfield><datafield tag="035" ind1=" " ind2=" "><subfield code="a">(MiU)006491337</subfield></datafield><datafield tag="035" ind1=" " ind2=" "><subfield code="a">sdr-miu006491337</subfield></datafield><datafield tag="040" ind1=" " ind2=" "><subfield code="a">MiU</subfield><subfield code="c">MiU</subfield><subfield code="e">amremm</subfield></datafield><datafield tag="043" ind1=" " ind2=" "><subfield code="a">n-us-mi</subfield></datafield><datafield tag="100" ind1="1" ind2=" "><subfield code="6">880-01</subfield><subfield code="a">Akhī Chalabī, Yūsuf ibn Junayd,</subfield><subfield code="d">-approximately 1497.</subfield></datafield><datafield tag="245" ind1="1" ind2="0"><subfield code="6">880-03</subfield><subfield code="a">Dhakhīrat al-ʻuqbá fī sharḥ Ṣadr al-Sharīʻah al-ʻUẓmá,</subfield><subfield code="f">[929, i.e. 1523].</subfield></datafield><datafield tag="246" ind1="3" ind2=" "><subfield code="i">From inscription on p.3:</subfield><subfield code="a">حاشية اخي</subfield></datafield><datafield tag="246" ind1="3" ind2=" "><subfield code="i">From inscription on p.3:</subfield><subfield code="a">اخي حاشية صدر الشريع</subfield></datafield><datafield tag="246" ind1="3" ind2=" "><subfield code="i">From inscription on front flyleaf (p.1):</subfield><subfield code="a">اخي چلبي على صدر الشريعة</subfield></datafield><datafield tag="246" ind1="3" ind2="8"><subfield code="a">اخي چلبى من حاشيۀ صدر الشريعه</subfield></datafield><datafield tag="260" ind1=" " ind2=" "><subfield code="c">[1523].</subfield></datafield><datafield tag="300" ind1=" " ind2=" "><subfield code="a">223 leaves :</subfield><subfield code="b">paper ;</subfield><subfield code="c">261 x 183 (207 x 111) mm.</subfield></datafield><datafield tag="500" ind1=" " ind2=" "><subfield code="a">Shelfmark: Ann Arbor, University of Michigan, Special Collections Library, Isl. Ms. 97</subfield></datafield><datafield tag="500" ind1=" " ind2=" "><subfield code="a">Origin: As appears in colophon on p.447, transcription finished ("wa-qad waqaʻa al-farāgh min taḥrīr hādhā al-kitāb...") in the first part of Jumādá I 929 [March 1523].</subfield></datafield><datafield tag="500" ind1=" " ind2=" "><subfield code="a">Former shelfmark: British Museum, London "No.146. Glosses on the Wikayah."</subfield></datafield><datafield tag="500" ind1=" " ind2=" "><subfield code="a">Binding: Pasteboard covered in dark brown leather with red-brown leather repairs on spine and at edges/turn-ins ; Type II binding (with flap, now lost) ; board linings in laid paper ; cover bears blind-stamped scalloped mandorla with floral vegetal composition (compare Déroche class. OAi2 5) ; sewn in white thread, two stations ; worked chevron endbands in red and sky blue, fine condition ; overall in poor condition with upper cover and flap lost, significant abrasion, staining, lifting and losses of leather, delamination of boards, etc.</subfield></datafield><datafield tag="500" ind1=" " ind2=" "><subfield code="a">Support: non-European laid paper with 7 laid lines per cm. (horizontal) and chain lines grouped in threes with 9-10 mm. between the chains and roughly 35 mm. between groups ; well-burnished.</subfield></datafield><datafield tag="500" ind1=" " ind2=" "><subfield code="a">Decoration: Keywords, section headings, and abbreviations rubricated ; occasional overlining and textual divders in the form of discs in red ; written area (opening through p.64 and then p.251 to close) surrounded by red rule-border.</subfield></datafield><datafield tag="500" ind1=" " ind2=" "><subfield code="a">Script: Naskh-nastaʻlīq ; virtually serifless ; mainly closed counters ; effect of words descending to baseline, occasionally more exaggerated ; occasional extension of horizontal strokes ; colophon in thuluth.</subfield></datafield><datafield tag="500" ind1=" " ind2=" "><subfield code="a">Layout: Written in 29 lines per page ; frame-ruled.</subfield></datafield><datafield tag="500" ind1=" " ind2=" "><subfield code="a">Collation: ii, 6 V(60), II+2 (66), V (76), II (80), 4 V(120), II (124), 6 V(184), IV+1 (193) ; chiefly quinions ; p.134 and p.444 left blank, unmarked ; catchwords present ; pagination in pencil, Western numerals, supplied during digitization (includes flyleaves and inserts ; drops from p.132 to p.131 thus repeating pp.131-132).</subfield></datafield><datafield tag="500" ind1=" " ind2=" "><subfield code="a">Colophon: "Scribal," rectangular, reads: "وقد وقع الفراغ من تحرير هذا الكتاب في اوائل جمادى الاولى في سنة تسع وعشرين وتسعمائة"</subfield></datafield><datafield tag="500" ind1=" " ind2=" "><subfield code="a">Explicit: "وان لم يمتد اعتقاله او لم يعلم اشاراته لم يكن حكمه حكم الاخرين فلا يعتبر اشارته و كتابته تم بعون الله تع"</subfield></datafield><datafield tag="500" ind1=" " ind2=" "><subfield code="a">Incipit: "الحمد لله الذى شرح صدر الشريعة الغراء ... وبعد فان تكميل النفوس الانسانية بالفضائل القدسية و تحليتها بالخصائل الانسية... فشرعت فيها ثانيا بعد ايابي من تلك الاراضي المقدسة ... وسميتها بذخيرة العقبى في شرح صدر الشريعة العظمى ..."</subfield></datafield><datafield tag="500" ind1=" " ind2=" "><subfield code="a">Title from opening (p.7).</subfield></datafield><datafield tag="500" ind1=" " ind2=" "><subfield code="a">Ms. codex.</subfield></datafield><datafield tag="510" ind1="4" ind2=" "><subfield code="a">Brockelmann, C. GAL,</subfield><subfield code="c">I, 376 ; II, 227 ; SII, 318</subfield></datafield><datafield tag="520" ind1="8" ind2=" "><subfield code="a">Fine copy of the gloss by Yūsuf ibn Junayd Akhī Chelebi on Sharḥ al-Wiqāyah by Ṣadr al-Sharīʻah al-Aṣghar (al-Thānī) ʻUbayd Allāh ibn Masʻūd al-Maḥbūbī, itself a commentary on Wiqāyat al-riwāyah fī masāʼil al-Hidāyah by Maḥmūd ibn Ṣadr al-Sharīʻah al-Maḥbūbī, an epitome on the celebrated work of Ḥanafī fiqh, al-Hidāyah by ʻAlī ibn Abī Bakr al-Marghīnānī. (see Isl. Ms. 86 for another ms. copy of this work).</subfield></datafield><datafield tag="538" ind1=" " ind2=" "><subfield code="a">Mode of access: Internet.</subfield></datafield><datafield tag="541" ind1=" " ind2=" "><subfield code="c">Purchase ;</subfield><subfield code="a">Acquired by purchase along with Abdul Hamid Collection (funds donated by Horace Rackham).</subfield><subfield code="d">1924.</subfield></datafield><datafield tag="546" ind1=" " ind2=" "><subfield code="a">Arabic.</subfield></datafield><datafield tag="561" ind1=" " ind2=" "><subfield code="a">Bookplate of British Museum, London on front flyleaf (p.1), "British Museum, London. No.146. Glosses on the Wikayah." ; circular seal impression with figure of goat/gazelle in purple ink as well as inscription "98" in Western numerals on front flyleaf (p.1) ; book price on p.3 ; on blue-tinted paper pasted on ’title page’ (p.5), a detailed waqf statement in the name of al-Sayyid ʻAbd Allāh Adīb (Abdullah Edip), known as Jannatʹzādah (Cennet-zade), qāḍī of Erzurum, accompanied by his seal, reads: "وقفت وقفا صحيحا شرعيا على ان لا يخرج من بيت الكتب الذي بنته في اتصال داري ان احتاجوا اشد الاحتياج بكفيل مرعى اورهن قوي وانا الفقير اليه عز شانه السيد عبد الله اديب الشهير بجنت زاده القاضي بمدينة ارضروم عفى عنه في سنة اثنى وستين ومائتين والف" ; extensive glosses and marginal corrections.</subfield></datafield><datafield tag="600" ind1="1" ind2="0"><subfield code="a">Burhān al-Sharīʻah, Maḥmūd ibn ʻUbayd Allāh,</subfield><subfield code="d">d. 1274 or 5.</subfield><subfield code="t">Wiqāyat al-riwāyah.</subfield></datafield><datafield tag="600" ind1="1" ind2="0"><subfield code="a">Maḥbūbī, ʻUbayd Allāh ibn Masʻūd,</subfield><subfield code="d">-1346 or 1347.</subfield><subfield code="t">Sharḥ al-Wiqāyah.</subfield></datafield><datafield tag="650" ind1=" " ind2="0"><subfield code="a">Manuscripts, Arabic</subfield><subfield code="z">Michigan</subfield><subfield code="z">Ann Arbor.</subfield></datafield><datafield tag="650" ind1=" " ind2="0"><subfield code="a">Hanafites</subfield><subfield code="v">Early works to 1800.</subfield></datafield><datafield tag="650" ind1=" " ind2="0"><subfield code="a">Islamic law</subfield><subfield code="x">Interpretation and construction</subfield><subfield code="v">Early works to 1800.</subfield></datafield><datafield tag="773" ind1="0" ind2=" "><subfield code="a">Tiflis Collection.</subfield></datafield><datafield tag="880" ind1="1" ind2="0"><subfield code="6">245-03/</subfield><subfield code="a">ذخيرة العقبى في شرح صدر الشريعة العظمى,</subfield><subfield code="f">[929ه, 1523م].</subfield></datafield><datafield tag="880" ind1="1" ind2=" "><subfield code="6">100-01/</subfield><subfield code="a">أخي چلبي، يوسف بن جنيد.</subfield></datafield><datafield tag="CID" ind1=" " ind2=" "><subfield code="a">006491337</subfield></datafield><datafield tag="DAT" ind1="0" ind2=" "><subfield code="a">20190719102634.0</subfield><subfield code="b">20190719000000.0</subfield></datafield><datafield tag="DAT" ind1="1" ind2=" "><subfield code="a">20190719090653.0</subfield><subfield code="b">2019-07-19T16:11:00Z</subfield></datafield><datafield tag="DAT" ind1="2" ind2=" "><subfield code="a">2015-10-02T18:00:03Z</subfield></datafield><datafield tag="CAT" ind1=" " ind2=" "><subfield code="a">SDR-MIU</subfield><subfield code="d">EX LIBRIS - ALEPH</subfield><subfield code="l">prepare.pl-004-008</subfield></datafield><datafield tag="FMT" ind1=" " ind2=" "><subfield code="a">BK</subfield></datafield><datafield tag="HOL" ind1=" " ind2=" "><subfield code="0">sdr-miu006491337</subfield><subfield code="a">MiU</subfield><subfield code="b">SDR</subfield><subfield code="c">MIU</subfield><subfield code="p">mdp.39015079124700</subfield><subfield code="s">MIU</subfield><subfield code="1">006491337</subfield></datafield><datafield tag="974" ind1=" " ind2=" "><subfield code="b">MIU</subfield><subfield code="c">MIU</subfield><subfield code="d">20190719</subfield><subfield code="s">lit-dlps-dc</subfield><subfield code="u">mdp.39015079124700</subfield><subfield code="y">1523</subfield><subfield code="r">pd</subfield><subfield code="q">bib</subfield><subfield code="t">non-US bib date1 &lt; 1896</subfield></datafield></record></collection>